@inproceedings{vrbancic2019transfer,
  title={Transfer learning tuning utilizing grey wolf optimizer for identification of brain hemorrhage from head ct images},
  author={Vrbancic, Grega and Zorman, Milan and Podgorelec, Vili},
  booktitle={StuCoSReC: proceedings of the 2019 6th Student Computer Science Research Conference},
  pages={61--66},
  year={2019}
}
